@article{wu2018development,
  title={Development and application of artificial neural network},
  author={Wu, Yu-chen and Feng, Jun-wen},
  journal={Wireless Personal Communications},
  volume={102},
  number={2},
  pages={1645--1656},
  year={2018},
  publisher={Springer}
}

@article{hamet2017artificial,
  title={Artificial intelligence in medicine},
  author={Hamet, Pavel and Tremblay, Johanne},
  journal={metabolism},
  volume={69},
  pages={S36--S40},
  year={2017},
  publisher={Elsevier}
}