
@article{shevchuk_neural_2024,
	title = {Neural {Networks} {Toward} {Cybersecurity}: {Domain} {Map} {Analysis} of {State}-of-the-{Art} {Challenges}},
	volume = {12},
	copyright = {https://creativecommons.org/licenses/by-nc-nd/4.0/},
	issn = {2169-3536},
	shorttitle = {Neural {Networks} {Toward} {Cybersecurity}},
	url = {https://ieeexplore.ieee.org/document/10552262/},
	doi = {10.1109/ACCESS.2024.3411632},
	abstract = {The growing interest in applying neural networks for cybersecurity has prompted a substantial increase in related research. This paper presents a comprehensive bibliometric analysis of research on cybersecurity towards neural networks published in the Web of Science over the past two decades (2003–2023) using bibliometric methods and CiteSpace software. The analysis encompasses yearly publication trends, types of publications, and trends across various dimensions such as publishing sources, organizations, researchers, countries, and keywords. Additionally, timeline and burst detection analyses were conducted to identify significant topic trends and citations in the last two decades. It also outlines the latest trends, under-explored topics, and open challenges.},
	language = {en},
	urldate = {2025-10-08},
	journal = {IEEE Access},
	author = {Shevchuk, Ruslan and Martsenyuk, Vasyl},
	year = {2024},
	pages = {81265--81280},
	annote = {Abstract: Este articulo hace una investigacion bibliometrica sobre la ciberseguridad en redes neuronales en Webof Science durante las las dos ultimas decadas (2003- 2023)


Se usa el software CiteSpace y metodos bibliometricos


El analisis toma varios puntos:


Tendencias anuales,


tipos de publicaciones


tendencias en diversas dimensiones,


fuentes de publicacion,


organizaciones,


investigadores,


paises


palabras clave




Se llevo a cabo analisis de la linea temporal y de deteccion de rafagas par indentificar tendenciastematicas y citas significativas.



Introduccion: La cibeseguridad es el conjunto de tecnicas ytecnologiasquernos sirven para proteger  el software, las redes y datos importantes de posbiles ciberataques. Asi mismo los enfoques tradicionales de la ciberseguridad, ya no ayudan debido a que los ataques evolucionan constantemente, esta evolucion plantea dos retos clave que hace que estos enfoques sean mas iineficaces:


Los ciberdelincuentes estan constantemente desarrollando nuevos ataques que aprovechan vulnerabilidades desconocidas. Los metodos tradicionales no pueden detectar estos nuevos ataques , porque se basan en firmas predefinidas


Incluso para tipos de ataques conocidos, los ciberdelincuentes modifican estos ataques, tecnicasy procedimientos; para evitar la deteccion de estos mismo. esto se pone peor cunado nos damos cuenta que los sistemas tradicionales de deteccion no pueden seguir el ritmo de estas modificaciones, lo que da lugar a fallos y gaps de seguridad.


Las redes neuronales son un enfoque prometedor para la ciberseguridad, son modelos de aprendizaje automatico que se pueden entrenar para discernir patrones en un cojunto de datos.
Estos modelos tienen la capacidad de aprender e identificar patrones dentro de la data, haciendolos muy eficacaes para tareas como deteccion de actividades maliciosas implementacion de deteccion de intrusos y prevension de sistemas y desarrollo sofisticadod de firewall y algoritmos de encriptacion.
A diferencia de los metodos tradicionales, las redes neuronales ofrecen ciertas ventajas porque superan limitaciones:


Se destacan en la identificacion de desviaciones de datos, lo que permite detectar atatques de dia cero y corportamiento anomalo , independientemente de encuentros previos.


Pueden aprender de amplios conjuntos de datos , incluidos datos historicos de ataques  y trafico de red esto va a permitir que perfeccionen sus modelos de deteccion de amenazas con el tiempo y patrones de amenzas en cosntante evolucion.


Ellos pueden discernir amanezas reales de las activiaddes benignas, reduciendo asi positivos falsos y mejorando la eficiencia de los sistemas de seguridad


La eficacia de las redes neuronales se ha demostrado en diversas aplicaciaones de ciberseguridad; el uso de las redes neuronales esta en sus primeras etapas, pero los beneficios pontenciales son significativos, La aplicacion de las redes neuronales en ciberseguridad ha sido objeto de cientos de articulos academicos publicados, estas aplicacionesse han hecho en temas tales como:


deteccion de malware con alta precision,


identificacion de phishing


bloqueo de acceso no autorizado a las redes


proteccion de datos contra el robo


entre otras


Lo que es importante, es analizar investigaciones existentes con tal de  extraer detalles importantes e identificar tendencias.
Para lograr esto es ncesesario el uso de metodos bibliotemetricos y herramientas de vizualicacion; en particular se utiliza el analisis deco-citas de referencias para esclarecer los conceptos  fundamentales, los temas de investigacion  mas transcendentales en la ACTUALIDAD ylas tendencias a futuro.
Proporcionamos un análisis detallado de las redes neuronales en la ciberseguridad desde 2003 hasta 2023, estudiando 2018 artículos en Web of Science. Utilizando CiteSpace 6.2. R7, realizamos análisis de colaboración, cocitación y tendencias de citas, lo que revela el estado actual y las tendencias en este campo. También identificamos los retos de investigación abiertos y sugerimos áreas para futuras investigaciones, buscando que los investigadores aborden preguntas importantes y avancen en el tema.

Conclusiones: Este estudio realizó un análisis bibliométrico detallado sobre la investigación de redes neuronales aplicadas a la ciberseguridad utilizando la base de datos de publicaciones WoS entre 2003 y 2023. Se identificaron un total de 2018 artículos relevantes, que se importaron a CiteSpace 6.2. R7 Advanced para analizar la red de cocitaciones y detectar picos en citas de palabras clave. Este enfoque permitió explorar las tendencias recientes, los intereses en el campo y futuras direcciones de investigación. También se identificaron las revistas más importantes, los países más contribuyentes y las instituciones líderes en esta área.
En cuanto a la cantidad de publicaciones y países, se observó que desde 2016 ha habido un aumento en el interés por las redes neuronales utilizadas para la ciberseguridad. Un mapa de colaboraciones mostró que investigadores de 99 países participan activamente en el tema, con Estados Unidos liderando la producción de artículos. Además, Estados Unidos y China son los países que más publican en este campo, seguidos de India, Arabia Saudita, Australia, Inglaterra, Canadá, Pakistán, Corea del Sur e Italia.
El estudio también analizó a los autores y las instituciones más productivas, destacando a Poornachandran Prabaharan, Soman K. P. y Ravi Vinayakumar como los más prolíficos en publicaciones. La Universidad Amrita de la India se destacó con varios de los autores más productivos. Cuatro de las diez instituciones principales se encuentran en Estados Unidos, mientras que otras están en Arabia Saudí, Egipto y China.
En el análisis de coocurrencia de palabras clave, se identificaron temas predominantes como “aprendizaje profundo”, “aprendizaje automático” y “detección de intrusiones”. En particular, la palabra clave “ciberseguridad” mostró un aumento significativo en citas desde 2010, y la “minería de datos” también creció en popularidad desde 2011. Otros términos como “big data” y “internet de las cosas” también fueron comunes en los artículos.
Finalmente, al identificar desafíos abiertos en la investigación y resaltar la colaboración interdisciplinaria, el estudio enfatizó la importancia de integrar tecnologías emergentes como la computación periférica y la inteligencia artificial para avanzar en el campo. Se mencionaron limitaciones en los datos de WoS, que podrían afectar el análisis al no incluir citas de libros y la cobertura de publicaciones no en inglés.
},
	file = {PDF:C\:\\Users\\anthony\\Zotero\\storage\\WHAL8QVI\\Shevchuk y Martsenyuk - 2024 - Neural Networks Toward Cybersecurity Domain Map Analysis of State-of-the-Art Challenges.pdf:application/pdf},
}
